<record xmlns="http://www.loc.gov/MARC21/slim">
  <leader>01685cam a2200373 a 4500</leader>
  <controlfield tag="001">536024</controlfield>
  <controlfield tag="008">840411s1983    ne a     b    1 1 0 eng d</controlfield>
  <datafield tag="010" ind1=" " ind2=" ">
    <subfield code="a">   83009521</subfield>
  </datafield>
  <datafield tag="020" ind1=" " ind2=" ">
    <subfield code="a">9027716102</subfield>
  </datafield>
  <datafield tag="035" ind1=" " ind2=" ">
    <subfield code="a">ocm09488573</subfield>
  </datafield>
  <datafield tag="040" ind1=" " ind2=" ">
    <subfield code="a">DLC</subfield>
    <subfield code="b">eng</subfield>
    <subfield code="c">DLC</subfield>
  </datafield>
  <datafield tag="049" ind1=" " ind2=" ">
    <subfield code="a">aeu</subfield>
    <subfield code="b">eng</subfield>
  </datafield>
  <datafield tag="050" ind1="0" ind2="0">
    <subfield code="a">GC190</subfield>
    <subfield code="b">.N37 1982</subfield>
  </datafield>
  <datafield tag="082" ind1="0" ind2=" ">
    <subfield code="a">551.57/09162</subfield>
    <subfield code="2">19</subfield>
  </datafield>
  <datafield tag="090" ind1="0" ind2="0">
    <subfield code="a">GC 190 N12 1982</subfield>
    <subfield code="b">AEU</subfield>
  </datafield>
  <datafield tag="111" ind1="2" ind2=" ">
    <subfield code="a">NATO Advanced Study Institute on Air-Sea Exchange of Gases and Particles</subfield>
    <subfield code="d">(1982 :</subfield>
    <subfield code="c">University of New Hampshire)</subfield>
  </datafield>
  <datafield tag="245" ind1="1" ind2="0">
    <subfield code="a">Air-sea exchange of gases and particles /</subfield>
    <subfield code="c">edited by Peter S. Liss and W. George N. Slinn.</subfield>
  </datafield>
  <datafield tag="260" ind1=" " ind2=" ">
    <subfield code="a">Dordrecht ;</subfield>
    <subfield code="a">Boston :</subfield>
    <subfield code="b">D. Reidel Pub. Co. ;</subfield>
    <subfield code="a">Hingham, MA, U.S.A. :</subfield>
    <subfield code="b">Sold and distributed in the U.S.A. and Canada by Kluwer Academic Publishers,</subfield>
    <subfield code="c">c1983.</subfield>
  </datafield>
  <datafield tag="300" ind1=" " ind2=" ">
    <subfield code="a">xiii, 561 p. :</subfield>
    <subfield code="b">ill. ;</subfield>
    <subfield code="c">25 cm.</subfield>
  </datafield>
  <datafield tag="336" ind1=" " ind2=" ">
    <subfield code="a">text</subfield>
    <subfield code="b">txt</subfield>
    <subfield code="2">rdacontent</subfield>
  </datafield>
  <datafield tag="337" ind1=" " ind2=" ">
    <subfield code="a">unmediated</subfield>
    <subfield code="b">n</subfield>
    <subfield code="2">rdamedia</subfield>
  </datafield>
  <datafield tag="338" ind1=" " ind2=" ">
    <subfield code="a">volume</subfield>
    <subfield code="b">nc</subfield>
    <subfield code="2">rdacarrier</subfield>
  </datafield>
  <datafield tag="490" ind1="1" ind2=" ">
    <subfield code="a">NATO ASI series. Series C, Mathematical and physical sciences.</subfield>
    <subfield code="v">no. 108</subfield>
  </datafield>
  <datafield tag="500" ind1=" " ind2=" ">
    <subfield code="a">&quot;Proceedings of the NATO Advanced Study Institute on Air-Sea Exchange of Gases and Particles, University of New Hampshire, Durham, New Hampshire, U.S.A. 19-30 July 1982&quot;--T.p. verso.</subfield>
  </datafield>
  <datafield tag="504" ind1=" " ind2=" ">
    <subfield code="a">Includes bibliographies and index.</subfield>
  </datafield>
  <datafield tag="596" ind1=" " ind2=" ">
    <subfield code="a">38 48</subfield>
  </datafield>
  <datafield tag="650" ind1=" " ind2="0">
    <subfield code="a">Ocean-atmosphere interaction</subfield>
    <subfield code="v">Congresses.</subfield>
  </datafield>
  <datafield tag="650" ind1=" " ind2="0">
    <subfield code="a">Gases</subfield>
    <subfield code="v">Congresses.</subfield>
  </datafield>
  <datafield tag="650" ind1=" " ind2="0">
    <subfield code="a">Particles</subfield>
    <subfield code="v">Congresses.</subfield>
  </datafield>
  <datafield tag="700" ind1="1" ind2=" ">
    <subfield code="a">Liss, P. S.</subfield>
  </datafield>
  <datafield tag="700" ind1="1" ind2=" ">
    <subfield code="a">Slinn, W. George N.,</subfield>
    <subfield code="d">1938-</subfield>
  </datafield>
  <datafield tag="830" ind1=" " ind2="0">
    <subfield code="a">NATO ASI series.</subfield>
    <subfield code="n">Series C,</subfield>
    <subfield code="p">Mathematical and physical sciences. ;</subfield>
    <subfield code="v">no. 108.</subfield>
  </datafield>
  <datafield tag="926" ind1=" " ind2=" ">
    <subfield code="a">UABARD</subfield>
    <subfield code="b">ON_SHELF</subfield>
    <subfield code="c">GC 190 N12 1982</subfield>
    <subfield code="d">BOOK</subfield>
    <subfield code="f">1</subfield>
  </datafield>
  <datafield tag="926" ind1=" " ind2=" ">
    <subfield code="a">UASCITECH</subfield>
    <subfield code="b">ON_SHELF</subfield>
    <subfield code="c">GC 190 N12 1982</subfield>
    <subfield code="d">BOOK</subfield>
    <subfield code="f">1</subfield>
  </datafield>
</record>
